@article{DBLP:journals/jfp/Okasaki97,
  author    = {Chris Okasaki},
  title     = {Three Algorithms on Braun Trees},
  journal   = {J. Funct. Program.},
  volume    = {7},
  number    = {6},
  year      = {1997},
  pages     = {661-666},
  ee        = {http://journals.cambridge.org/action/displayAbstract?aid=44125},
  bibsource = {DBLP, http://dblp.uni-trier.de}
}