@MASTERSTHESIS{Stutterheim:2013:thesis,
  Author =       {Jurri\"en Stutterheim},
  Title =        {Contract Inferencing for Functional Programs},
  Year =         {2013},
  Month =        {January},
  School =       {Utrecht University}
}

@inproceedings{Gerdes:2012:phd,
  author    = {Alex Gerdes and
               Bastiaan Heeren and
               Johan Jeuring},
  title     = {Constructing Strategies for Programming},
  booktitle = {CSEDU (1)},
  year      = {2009},
  pages     = {65-72},
  crossref  = {DBLP:conf/csedu/2009-1},
  bibsource = {DBLP, http://dblp.uni-trier.de}
}
@proceedings{DBLP:conf/csedu/2009-1,
  editor    = {Jos{\'e} A. Moinhos Cordeiro and
               Boris Shishkov and
               Alexander Verbraeck and
               Markus Helfert},
  title     = {CSEDU 2009 - Proceedings of the First International Conference
               on Computer Supported Education, Lisboa, Portugal, March
               23-26, 2009 - Volume 1},
  booktitle = {CSEDU (1)},
  publisher = {INSTICC Press},
  year      = {2009},
  isbn      = {978-989-8111-82-1},
  bibsource = {DBLP, http://dblp.uni-trier.de}
}


@inproceedings{Claessen:2000p592,
author = {Claessen, Koen and Hughes, John},
title = {{QuickCheck: A Lightweight Tool for Random Testing of Haskell Programs}},
booktitle = {ICFP '00},
year = {2000},
pages = {268--279},
organization = {Chalmers University of Technology}
}
@article{rondon2008liquid,
  title={Liquid types},
  author={Rondon, Patrick M and Kawaguci, Ming and Jhala, Ranjit},
  journal={ACM SIGPLAN Notices},
  volume={43},
  number={6},
  pages={159--169},
  year={2008},
  publisher={ACM}
}
@inproceedings{rondon2013refinement,
  title={Abstract Refinement types},
  author={Rondon, Patrick M and Vazou, Niki and Jhala, Ranjit},
  booktitle={ESOP},
  year={2013}
}
@article{cousotabstract,
  title={An Abstract Interpretation Framework for Refactoring with Application to Extract Methods with Contracts},
  author={Cousot, Patrick and Cousot, Radhia and Logozzo, Francesco and Barnett, Michael}
}
@INPROCEEDINGS{DegenThiemannWehr2009,
  author = {Markus Degen and Peter Thiemann and Stefan Wehr},
  title = {True Lies: Lazy Contracts for Lazy Languages (Faithfulness is Better than Laziness)},
  booktitle = {4. Arbeitstagung Programmiersprachen (ATPS'09)},
  month = {October},
  year = 2009,
  address = {L\"{u}beck, Germany}
}
@INPROCEEDINGS{Hinze06typedcontracts,
    author = {Ralf Hinze and Johan Jeuring and Andres L\"{o}h},
    title = {Typed contracts for functional programming},
    booktitle = {In FLOPS '06: Functional and Logic Programming: 8th International Symposium},
    year = {2006},
    pages = {208--225},
    publisher = {Springer-Verlag}
}
@MISC{Findler02behavioralsoftware,
    author = {Robert Bruce Findler},
    title = {Behavioral Software Contracts},
    year = {2002}
}
@article{Findler:2002:CHF:583852.581484,
 author = {Findler, Robert Bruce and Felleisen, Matthias},
 title = {Contracts for higher-order functions},
 journal = {SIGPLAN Not.},
 issue_date = {September 2002},
 volume = {37},
 number = {9},
 month = sep,
 year = {2002},
 issn = {0362-1340},
 pages = {48--59},
 numpages = {12},
 url = {http://doi.acm.org/10.1145/583852.581484},
 doi = {10.1145/583852.581484},
 acmid = {581484},
 publisher = {ACM},
 address = {New York, NY, USA},
 keywords = {behavioral specifications, contracts, higher-order functions, predicate typing, solfware reliability}
}
@inproceedings{Xu:2006ul,
author = {Xu, Dana N},
title = {{Extended Static Checking for Haskell}},
booktitle = {Haskell'06},
year = {2006},
pages = {1--12},
month = sep
}
@inproceedings{Vytiniotis:2013ww,
author = {Vytiniotis, Dimitrios and Peyton Jones, Simon and Ros{\'e}n, Dan and Claessen, Koen},
title = {{HALO: Haskell to Logic through Denotational Semantics}},
booktitle = {POPL'13},
year = {2013}
}
@article{Xu:2009:SCC:1594834.1480889,
 author = {Xu, Dana N. and Peyton Jones, Simon and Claessen, Koen},
 title = {Static contract checking for Haskell},
 journal = {SIGPLAN Not.},
 issue_date = {January 2009},
 volume = {44},
 number = {1},
 month = jan,
 year = {2009},
 issn = {0362-1340},
 pages = {41--52},
 numpages = {12},
 url = {http://doi.acm.org/10.1145/1594834.1480889},
 doi = {10.1145/1594834.1480889},
 acmid = {1480889},
 publisher = {ACM},
 address = {New York, NY, USA},
 keywords = {contract satisfaction, static contract checking}
}
@article{Dimoulas:2011:CSH:2039346.2039348,
 author = {Dimoulas, Christos and Felleisen, Matthias},
 title = {On contract satisfaction in a higher-order world},
 journal = {ACM Trans. Program. Lang. Syst.},
 issue_date = {November 2011},
 volume = {33},
 number = {5},
 month = nov,
 year = {2011},
 issn = {0164-0925},
 pages = {16:1--16:29},
 articleno = {16},
 numpages = {29},
 url = {http://doi.acm.org/10.1145/2039346.2039348},
 doi = {10.1145/2039346.2039348},
 acmid = {2039348},
 publisher = {ACM},
 address = {New York, NY, USA},
 keywords = {Contract satisfaction, higher-order contracts}
} 
@article{Greenberg:2010:CMM:1707801.1706341,
 author = {Greenberg, Michael and Pierce, Benjamin C. and Weirich, Stephanie},
 title = {Contracts made manifest},
 journal = {SIGPLAN Not.},
 issue_date = {January 2010},
 volume = {45},
 number = {1},
 month = jan,
 year = {2010},
 issn = {0362-1340},
 pages = {353--364},
 numpages = {12},
 url = {http://doi.acm.org/10.1145/1707801.1706341},
 doi = {10.1145/1707801.1706341},
 acmid = {1706341},
 publisher = {ACM},
 address = {New York, NY, USA},
 keywords = {blame, contract, dynamic checking, postcondition, precondition, refinement type, translation}
}
@inproceedings{terauchi2010dependent,
  title={Dependent types from counterexamples},
  author={Terauchi, Tachio},
  booktitle={ACM Sigplan Notices},
  volume={45},
  number={1},
  pages={119--130},
  year={2010},
  organization={ACM}
}
@inproceedings{Chitil:2012ua,
author = {Chitil, Olaf},
title = {{Practical Typed Lazy Contracts}},
booktitle = {ICFP'12},
year = {2012},
pages = {1--16},
month = jul
}
@techreport{langanddim,
	Author =       {Andrew Kennedy},
	Title =        {Programming Languages and Dimensions},	
	Institution =  {University of Cambridge},
	Adress =       {University of Cambridge Computer Labratory},
	Year =         {1996},
	Number =       {391},
	Month =        {April}
}
@article{jhala2010refinement,
  title={Refinement type inference via abstract interpretation},
  author={Jhala, Ranjit and Majumdar, Rupak and Rybalchenko, Andrey},
  journal={arXiv preprint arXiv:1004.2884},
  year={2010}
}

@article{Meyer:1988wp,
author = {Meyer, B},
title = {{Eiffel: A language and environment for software engineering}},
journal = {Journal of Systems and Software},
year = {1988}
}

@inproceedings{Damas:1982ve,
author = {Damas, L and Milner, R},
title = {{Principal type-schemes for functional programs}},
booktitle = {POPL '82},
year = {1982},
pages = {207--212}
}

@article{spj:online,
author = {Peyton-Jones, Simon and Kiselyov, Oleg},
title = {GHC / AdvancedOverlap},
journal = {http://www.haskell.org/haskellwiki/GHC/AdvancedOverlap},
month = oct,
year = {2013}
}
