@manual{ecma,
  Author =       {ECMA International},
  Title =        {ECMA-262: ECMAScript Language Specification},
  Year =         {2011},
  Month =        {June},
  Edition =      {5.1}
}
