@techreport{langanddim,
	Author =       {Andrew Kennedy},
	Title =        {Programming Languages and Dimensions},	
	Institution =  {University of Cambridge},
	Adress =       {University of Cambridge Computer Labratory}
	Year =         {1996},
	Number =       {391}
	Month =        {April}
}
