@booklet{Rodriguez:2008:art,
  Author =       {Rodriguez, Alexey and Jeuring, Johan and Jansson, Patrik and Gerdes, Alex and Kiselyov, Oleg and Oliveira, Bruno C. d. S.},
  Institution =  {Utrecht University},
  Title =        {Comparing Libraries for Generic Programming in {H}askell},
  Year =         {2008},
  Howpublished = {ACM SIGPLAN Haskell Symposium 2008}
}
@techreport{Rodriguez:2008:tr,
  Author =       {Rodriguez, Alexey and Jeuring, Johan and Jansson, Patrik and Gerdes, Alex and Kiselyov, Oleg and Oliveira, Bruno C. d. S.},
  Institution =  {Utrecht University},
  Number =       {UU-CS-2008-010},
  Title =        {Comparing Libraries for Generic Programming in {H}askell},
  Year =         {2008}
}
@booklet{multiplate:2011:lib,
  Author =       {Russell O'Connor},
  Title =        {Functor is to {L}ens as {A}pplicative is to {B}iplate: {I}ntroducing {M}ultiplate},
  Institution =  {McMaster University},
  Year =         {2011},
  Howpublished = {ACM SIGPLAN WGP'11}
}
@booklet{ligd:2002:lib,
  Author =       {Cheney, James and Hinze, Ralf},
  Title =        {Lightweight {I}mplementation of {G}enerics and {D}ynamics ({LIGD})},
  Year =         {2002},
  Howpublished = {Haskell'02, ACM},
  Note =         {DOI: 10.1145/581690.581698}
}
@article{polylib:2004:lib,
  Author =       {Norell, Ulf and Jansson, Patrik},
  Title =        {Polytypic programming in {H}askell ({P}oly{L}ib)},
  Year =         {2004},
  Journal =      {IFL'03},
  Volume =       {volume 3145 of LNCS, pages 168-184}
}
@booklet{syb:2003:lib,
  Author =       {Lämmel, Ralf and Peyton Jones, Simon},
  Title =        {Scrap your boilerplate: a practical approach to generic programming},
  Howpublished = {ACM SIGPLAN TLDI'03},
  Year =         {2003}
}
@booklet{syb3:2005:lib,
  Author =       {Lämmel, Ralf and Peyton Jones, Simon},
  Title =        {Scrap your boilerplate with class: extensible generic functions},
  Year =         {2005},
  Howpublished = {ACM SIGPLAN ICFP'05, pages 204-215}
}
@article{spine:2006:lib,
  Author =       {Hinze, Ralf and Löh, Andres},
  Title =        {"{S}crap your boilerplate" revolutions},
  Journal =      {MPC'06},
  Volume =       {volume 4014 of LNCS, pages 180-208},
  Year =         {2006}
}
@article{emgm:2006:lib,
  Author =       {Oliveira, Bruno C. d. S. and Hinze, Ralf and Löh, Andres},
  Title =        {Extensible and {M}odular {G}enerics for the {M}asses},
  Year =         {2006},
  Journal =      {Trends in Functional Programming},
  Pages =        {168-184}
}
@booklet{replib:2006:lib,
  Author =       {Weirich, Stephanie},
  Title =        {Rep{L}ib: a library for derivable type classes},
  Howpublished = {Haskell'06, ACM},
  Note =         {DOI: 10.1145/1159842.1159844},
  Year =         {2006}
}
@booklet{smash:2006:lib,
  Author =       {Kiselyov, Oleg},
  Title =        {Smash your boilerplate without class and typeable},
  Year =         {2006},
  Howpublished = "http://article.gmane.org/gmane.comp.lan \newline g.haskell.general/14086"
}
@booklet{uniplate:2007:lib,
  Author =       {Mitchell, Neil and Runciman, Colin},
  Title =        {Uniform boilerplate and list processing},
  Year =         {2007},
  Howpublished = {Haskell'07, ACM}
}
@booklet{generic-deriving:2010:lib,
  Author =       {Magalhães, José Pedro and Dijkstra, Atze and Jeuring, Johan and Löh, Andres},
  Title =        {A generic deriving mechanism for {H}askell},
  Year =         {2010},
  Howpublished = {ACM SIGPLAN Haskell Symposium 2010}
}
@techreport{multirec:2009:lib,
  Author =       {Rodriguez, Alexey and Holdermans, Stefan and Löh, Andres and Jeuring, Johan},
  Institution =  {Utrecht University},
  Number =       {UU-CS-2008-019},
  Title =        {Generic programming with fixed points for mutually recursive datatypes},
  Year =         {2008}
}
@phdthesis{Rodriguez:2009:phd,
  Author =       {Alexey Rodriguez},
  Title =        {Towards Getting Generic Programming Ready for Prime Time},
  Year =         {2009},
  Month =        {May},
  School =       {Utrecht University},
  Note =         {ISBN 978-90-393-5053-9}
}
