%% Created using Papers on Mon, 17 Dec 2012.
%% http://mekentosj.com/papers/

@inproceedings{Gerdes:2010vt,
author = {Gerdes, Alex and Heeren, Bastiaan and Jeuring, Johan},
title = {{Properties of Exercise Strategies}},
booktitle = {IWS 2010},
year = {2010},
pages = {21--34}
}

@article{Heeren:2010dn,
author = {Heeren, Bastiaan and Jeuring, Johan and Gerdes, Alex},
title = {{Specifying Rewrite Strategies for Interactive Exercises}},
journal = {Mathematics in Computer Science},
year = {2010},
volume = {3},
pages = {349--370},
month = mar
}

@article{Polikarpova:wo,
author = {Polikarpova, Nadia and Ciuoa, Ilinca and Meyer, Bertrand},
title = {{A comparative study of programmer-written and automatically inferred contracts}}
}

@article{Milner:1978kx,
author = {Milner, Robin},
title = {{A theory of type polymorphism in programming}},
journal = {Journal of computer and system sciences},
year = {1978},
volume = {17},
number = {3},
pages = {348--375},
month = dec
}

@inproceedings{Cousot:2012tl,
author = {Cousot, Patrick and Cousot, Radhia and Logozzo, Francesco and Barnett, Michael},
title = {{An Abstract Interpretation Framework for Refactoring with Application to Extract Methods with Contracts}},
booktitle = {OOPSLA'12},
year = {2012},
month = oct
}

@inproceedings{Findler:2002wha,
author = {Findler, Robert Bruce and Felleisen, Matthias},
title = {{Contracts for Higher-Order Functions}},
booktitle = {ICFP'02},
year = {2002},
month = oct
}

@techreport{Sperber:2007ue,
author = {Sperber, Michael and Dybvig, R Kent and Flatt, Matthew and van Straaten, Anton},
title = {{Revised6 Report on the Algorithmic Language Scheme}},
year = {2007},
month = sep
}

@inproceedings{Xu:2006ul,
author = {Xu, Dana N},
title = {{Extended Static Checking for Haskell}},
booktitle = {Haskell'06},
year = {2006},
pages = {1--12},
month = sep
}

@inproceedings{Vytiniotis:2013ww,
author = {Vytiniotis, Dimitrios and Peyton Jones, Simon and Ros{\'e}n, Dan and Claessen, Koen},
title = {{HALO: Haskell to Logic through Denotational Semantics}},
booktitle = {POPL'13},
year = {2013}
}

@article{Dillig:2012tc,
author = {Dillig, Isil and Dillig, Thomas and Aiken, Alex},
title = {{Automated Error Diagnosis Using Abductive Inference}},
year = {2012},
pages = {1--11},
month = mar
}

@article{Procter:2012wn,
author = {Procter, Adam and Harrison, William L. and Stump, Aaron},
title = {{The Design of a Practical Proof Checker for a Lazy Functional Language}},
year = {2012},
pages = {1--16},
month = jun
}

@inproceedings{Danielsson:2006cf,
author = {Danielsson, Nils Anders and Hughes, John and Jansson, Patrik and Gibbons, Jeremy},
title = {{Fast and Loose Reasoning is Morally Correct}},
booktitle = {Conference record of the 33rd ACM SIGPLAN-SIGACT symposium},
year = {2006},
pages = {206--217},
publisher = {ACM Press},
address = {New York, New York, USA}
}

@inproceedings{Damas:1982ve,
author = {Damas, L and Milner, R},
title = {{Principal type-schemes for functional programs}},
booktitle = {POPL '82},
year = {1982},
pages = {207--212}
}

@article{PeytonJones:2010p548,
author = {Peyton Jones, Simon},
title = {{Haskell 98 Language and Libraries}},
journal = {Journal of Functional Programming},
year = {2003},
volume = {13},
number = {1},
month = jan
}

@inproceedings{Chitil:2012ua,
author = {Chitil, Olaf},
title = {{Practical Typed Lazy Contracts}},
booktitle = {ICFP'12},
year = {2012},
pages = {1--16},
month = jul
}

@inproceedings{Gerdes:2012wh,
author = {Gerdes, Alex and Heeren, Bastiaan and Jeuring, Johan},
title = {{Teachers and students in charge - Using Annotated Model Solutions in a Functional Programming Tutor}},
booktitle = {EC-TEL '12},
year = {2012},
pages = {383--388}
}

@article{Meyer:1992cm,
author = {Meyer, B},
title = {{Applying 'Design by Contract'}},
year = {1992},
volume = {25},
number = {10}
}

@phdthesis{Ernst:2000uf,
author = {Ernst, Michael D},
title = {{Dynamically Discovering Likely Program Invariants}},
school = {University of Washington},
year = {2000}
}

@inproceedings{Claessen:2000p592,
author = {Claessen, Koen and Hughes, John},
title = {{QuickCheck: A Lightweight Tool for Random Testing of Haskell Programs}},
booktitle = {ICFP '00},
year = {2000},
pages = {268--279},
organization = {Chalmers University of Technology}
}

@inproceedings{Cousot:1977bk,
author = {Cousot, Patrick and Cousot, Radhia},
title = {{Automatic Synthesis of Optimal Invariant Assertions: Mathematical Foundations}},
booktitle = {Symposium on Artificial Intelligence and Programming Languages},
year = {1977}
}

@article{Robinson:1965wt,
author = {Robinson, J A},
title = {{A machine-oriented logic based on the resolution principle}},
journal = {Journal of the ACM (JACM)},
year = {1965}
}

@article{Hoare:1969wt,
author = {Hoare, C A R},
title = {{An Axiomatic Basis for Computer Programming}},
journal = {Communications of the ACM},
year = {1969},
month = oct
}

@inproceedings{Hinze:2006ju,
author = {Hinze, Ralf and Jeuring, Johan and L{\"o}h, Andres},
title = {{Typed contracts for functional programming}},
booktitle = {FLOPS'06},
year = {2006},
pages = {208--225}
}

@article{Meyer:0q21ig4Y,
author = {Meyer, Bertrand},
title = {{Applying 'Design by Contract'}},
journal = {Companion of the 13th international conference},
year = {1992},
volume = {25},
pages = {40--51},
month = oct
}

@incollection{Mandrioli:1991vv,
title = {{Design by Contract}},
booktitle = {Advances in Object-Oriented Software Engineering},
year = {1991},
editor = {Mandrioli, D and Meyer, B},
pages = {1--50},
publisher = {Prentice Hall}
}

@article{Hindley:1969we,
author = {Hindley, R},
title = {{The principal type-scheme of an object in combinatory logic}},
journal = {Transactions of the american mathematical society},
year = {1969}
}

@inproceedings{Gerdes:ui,
author = {Gerdes, Alex and Jeuring, Johan and Heeren, Bastiaan},
title = {{An Interactive Functional Programming Tutor}},
booktitle = {ITiCSE '12},
year = {2012},
pages = {250--255}
}

@article{Meyer:1988wp,
author = {Meyer, B},
title = {{Eiffel: A language and environment for software engineering}},
journal = {Journal of Systems and Software},
year = {1988}
}

@inproceedings{Xu:2009vc,
author = {Xu, Dana N and Jones, Simon Peyton and Claessen, Koen},
title = {{Static Contract Checking for Haskell}},
booktitle = {POPL'09},
year = {2009},
pages = {1--12},
month = jan
}

