@article{snap,
	author = {Collins, Gregory and Beardsley, Doug},
	title = {The Snap Framework: A Web Toolkit for Haskell},
	journal = {IEEE Internet Computing},
	issue_date = {January 2011},
	volume = {15},
	issue = {1},
	month = {January},
	year = {2011},
	issn = {1089-7801},
	pages = {84--87},
	numpages = {4},
	url = {http://dx.doi.org/10.1109/MIC.2011.21},
	doi = {http://dx.doi.org/10.1109/MIC.2011.21},
	acmid = {1936380},
	publisher = {IEEE Educational Activities Department},
	address = {Piscataway, NJ, USA},
	keywords = {Haskell, Snap framework, HTTP, functional programming, Internet},
}

@article{warp,
	author = {Snoyman, Michael},
	title = {Warp: A Haskell Web Server},
	journal = {IEEE Internet Computing},
	issue_date = {May 2011},
	volume = {15},
	issue = {3},
	month = {May},
	year = {2011},
	issn = {1089-7801},
	pages = {81--85},
	numpages = {5},
	url = {http://dx.doi.org/10.1109/MIC.2011.70},
	doi = {http://dx.doi.org/10.1109/MIC.2011.70},
	acmid = {1978308},
	publisher = {IEEE Educational Activities Department},
	address = {Piscataway, NJ, USA},
	keywords = {functional programming, Web development, Haskell, enumerator, builder},
}

@inproceedings{Visser:2010:GSH:1863495.1863500,
	author = {Visser, Sebastiaan and L\"{o}h, Andres},
	title = {Generic storage in Haskell},
	booktitle = {Proceedings of the 6th ACM SIGPLAN workshop on Generic programming},
	series = {WGP '10},
	year = {2010},
	isbn = {978-1-4503-0251-7},
	location = {Baltimore, Maryland, USA},
	pages = {25--36},
	numpages = {12},
	url = {http://doi.acm.org/10.1145/1863495.1863500},
	doi = {http://doi.acm.org/10.1145/1863495.1863500},
	acmid = {1863500},
	publisher = {ACM},
	address = {New York, NY, USA},
	keywords = {annotations, datatype-generic programming, fixed points},
}

@booklet{strongXHTML,
	author = {Paul G. Talaga and Steve J. Chapin},
	title = {Strong {(X)HTML} Compliance with Haskell's Flexible Type System},
	year = {2010},
	url = {http://surface.syr.edu/eecs/173/}
}

@inproceedings{SEW,
	author = {Robertson, William and Vigna, Giovanni},
	title = {Static enforcement of web application integrity through strong typing},
	booktitle = {Proceedings of the 18th conference on USENIX security symposium},
	series = {SSYM'09},
	year = {2009},
	location = {Montreal, Canada},
	pages = {283--298},
	numpages = {16},
	url = {http://dl.acm.org/citation.cfm?id=1855768.1855786},
	acmid = {1855786},
	publisher = {USENIX Association},
	address = {Berkeley, CA, USA},
	keywords = {SQL injection, cross-site scripting, functional languages, strongly typed languages, web applications},
}
@article{Thiemann:2005:EDL:1052934.1052935,
	author = {Thiemann, Peter},
	title = {An embedded domain-specific language for type-safe server-side web scripting},
	journal = {ACM Trans. Internet Technol.},
	volume = {5},
	issue = {1},
	month = {February},
	year = {2005},
	issn = {1533-5399},
	pages = {1--46},
	numpages = {46},
	url = {http://doi.acm.org/10.1145/1052934.1052935},
	doi = {http://doi.acm.org/10.1145/1052934.1052935},
	acmid = {1052935},
	publisher = {ACM},
	address = {New York, NY, USA},
	keywords = {Interactive Web services, Web programming},
}
@inproceedings{Plasmeijer06idatafor,
    author = {Rinus Plasmeijer and Peter Achten},
    title = {iData For The World Wide Web - Programming Interconnected Web Forms},
    booktitle = {In Proceedings Eighth International Symposium on Functional and Logic Programming (FLOPS 2006), volume 3945 of LNCS},
    year = {2006},
    pages = {24--26},
    publisher = {Springer Verlag}
}
@article{YesodBook,
	author = {Snoyman, Michael},
	title = {Yesod Web Framework Book},
	year = {2011},
	url = {http://www.yesodweb.com/book/}
}
@article{HappstackCrashcourse,
	author = {Happstack Team},
	title = {Happstack Crashcourse},
	year = {2011},
	url = {http://happstack.com/docs/crashcourse/index.html/}
}
@article{YesodBlog,
	author = {Snoyman, Michael},
	title = {Yesod Web Framework Blog},
	url = {http://www.yesodweb.com/blog/}
}

@article{itaskIntro,
	author = {Plasmeijer, Rinus and Achten, Peter and Koopman, Pieter},
	title = {An Introduction to iTask: Defining Interactive Work Flows for the Web},
	year = {2008},
	url = {http://www.st.cs.ru.nl/papers/2008/plar08-iTasks_CEFP2007_Revised.pdf}
}

@article{cloadHaskell,
	author = {Epstein, Jeff and Black, Andrew P. and Peyton-Jones, Simon},
	title = {Towards Haskell in the Cloud},
	year = {2011},
	url = {http://research.microsoft.com/en-us/um/people/simonpj/papers/parallel/remote.pdf}
}

@article{DigestiveFunc,
	author = {van der Jeugt, Jasper},
	title = {Digestive functors 0.0.2},
	year = {2010},
	url = {http://jaspervdj.be/posts/2010-12-09-digestive-functors-0.0.2.html}
}
@article{AnnouncYesod08,
	author = {Snoyman, Michael},
	title = {Announcing Yesod 0.8},
	year = {2011},
	url = {http://www.yesodweb.com/blog/2011/04/announcing-yesod-0-8}
}